<record><leader>00000cas a2200000 a 4500</leader><controlfield tag="001">39373958</controlfield><controlfield tag="008">980630d193u1949orudn ne      0    0eng c</controlfield><datafield ind1=" " ind2=" " tag="010"><subfield code="a">sn 97071115 </subfield></datafield><datafield ind1=" " ind2=" " tag="040"><subfield code="a">OCN</subfield><subfield code="b">eng</subfield><subfield code="c">OCN</subfield><subfield code="d">OCLCQ</subfield><subfield code="d">OCLCF</subfield><subfield code="d">OCLCO</subfield></datafield><datafield ind1="1" ind2=" " tag="029"><subfield code="a">AU@</subfield><subfield code="b">000014093060</subfield></datafield><datafield ind1=" " ind2=" " tag="042"><subfield code="a">pcc</subfield></datafield><datafield ind1=" " ind2=" " tag="043"><subfield code="a">n-us-or</subfield></datafield><datafield ind1="0" ind2="0" tag="245"><subfield code="a">Hood River County sun.</subfield></datafield><datafield ind1="1" ind2="3" tag="246"><subfield code="a">Hood River County sun and the Cascade Locks chronicle</subfield></datafield><datafield ind1=" " ind2=" " tag="260"><subfield code="a">Hood River, Or. :</subfield><subfield code="b">Sun Pub. Co.,</subfield><subfield code="c">-1949.</subfield></datafield><datafield ind1=" " ind2=" " tag="300"><subfield code="a">v.</subfield></datafield><datafield ind1=" " ind2=" " tag="310"><subfield code="a">Daily (except Sat. and Sun.),</subfield><subfield code="b">Mar. 14, 1949-May 13, 1949</subfield></datafield><datafield ind1=" " ind2=" " tag="321"><subfield code="a">Weekly,</subfield><subfield code="b">&lt;Jan. 5, 1938&gt;-Mar. 11, 1949</subfield></datafield><datafield ind1="0" ind2=" " tag="362"><subfield code="a">-v. 13, no. 73 (May 13, 1949).</subfield></datafield><datafield ind1=" " ind2=" " tag="500"><subfield code="a">1939-1940 continues publication of absorbed newspaper.</subfield></datafield><datafield ind1=" " ind2=" " tag="530"><subfield code="a">Also issued on microfilm from University of Oregon.</subfield></datafield><datafield ind1=" " ind2=" " tag="588"><subfield code="a">Description based on: Vol. 2, no. 20 (Jan. 5, 1938).</subfield></datafield><datafield ind1=" " ind2="0" tag="651"><subfield code="a">Hood River (Or.)</subfield><subfield code="v">Newspapers.</subfield></datafield><datafield ind1=" " ind2="0" tag="651"><subfield code="a">Cascade Locks (Or.)</subfield><subfield code="v">Newspapers.</subfield></datafield><datafield ind1=" " ind2="0" tag="651"><subfield code="a">Hood River County (Or.)</subfield><subfield code="v">Newspapers.</subfield></datafield><datafield ind1=" " ind2="7" tag="655"><subfield code="a">Newspapers.</subfield><subfield code="2">fast</subfield><subfield code="0">(OCoLC)fst01423814</subfield></datafield><datafield ind1=" " ind2="7" tag="651"><subfield code="a">Oregon</subfield><subfield code="z">Cascade Locks.</subfield><subfield code="2">fast</subfield><subfield code="0">(OCoLC)fst01263657</subfield></datafield><datafield ind1=" " ind2="7" tag="651"><subfield code="a">Oregon</subfield><subfield code="z">Hood River.</subfield><subfield code="2">fast</subfield><subfield code="0">(OCoLC)fst01221354</subfield></datafield><datafield ind1=" " ind2="7" tag="651"><subfield code="a">Oregon</subfield><subfield code="z">Hood River County.</subfield><subfield code="2">fast</subfield><subfield code="0">(OCoLC)fst01214055</subfield></datafield><datafield ind1="0" ind2="2" tag="740"><subfield code="a">Cascade Locks chronicle and the Bonneville Dam chronicle.</subfield></datafield><datafield ind1=" " ind2=" " tag="752"><subfield code="a">United States</subfield><subfield code="b">Oregon</subfield><subfield code="c">Hood River</subfield><subfield code="d">Hood River.</subfield></datafield><datafield ind1="0" ind2="5" tag="780"><subfield code="t">Cascade Locks chronicle and the Bonneville Dam chronicle</subfield><subfield code="w">(DLC)sn 97071114</subfield></datafield><datafield ind1="0" ind2="0" tag="785"><subfield code="t">Hood River daily sun</subfield><subfield code="w">(DLC)sn 97071116</subfield></datafield></record>